<record><leader>00000cas a22000007a 4500</leader><controlfield tag="001">22539855</controlfield><controlfield tag="008">901019d194519uucouwr ne      0    0eng d</controlfield><datafield ind1=" " ind2=" " tag="010"><subfield code="a">sn 90051817 </subfield></datafield><datafield ind1=" " ind2=" " tag="040"><subfield code="a">CNQ</subfield><subfield code="b">eng</subfield><subfield code="c">CNQ</subfield><subfield code="d">OCLCQ</subfield></datafield><datafield ind1=" " ind2=" " tag="042"><subfield code="a">msc</subfield></datafield><datafield ind1="0" ind2=" " tag="130"><subfield code="a">Sky-hi news (Granby, Colo. : 1945)</subfield></datafield><datafield ind1="1" ind2="0" tag="245"><subfield code="a">Sky-hi news.</subfield></datafield><datafield ind1="3" ind2="0" tag="246"><subfield code="a">Ski hi news</subfield></datafield><datafield ind1="3" ind2="0" tag="246"><subfield code="a">Winter Park express sky-hi news</subfield></datafield><datafield ind1=" " ind2=" " tag="260"><subfield code="a">Granby, Colo. :</subfield><subfield code="b">E.C. Al Topel</subfield></datafield><datafield ind1=" " ind2=" " tag="300"><subfield code="a">v.</subfield></datafield><datafield ind1=" " ind2=" " tag="310"><subfield code="a">Weekly</subfield></datafield><datafield ind1="1" ind2=" " tag="362"><subfield code="a">Began Nov. 2, 1945.</subfield></datafield><datafield ind1=" " ind2=" " tag="500"><subfield code="a">Published as Ski-hi news, &lt;1960&gt;.</subfield></datafield><datafield ind1=" " ind2=" " tag="500"><subfield code="a">Published as: Winter park express sky-hi news, Nov. 20, 1980-Jan. 1, 1981.</subfield></datafield><datafield ind1=" " ind2=" " tag="588"><subfield code="a">Description based on: Vol. 1, no. 3 (Nov. 16, 1945).</subfield></datafield><datafield ind1=" " ind2=" " tag="752"><subfield code="a">United States</subfield><subfield code="b">Colorado</subfield><subfield code="c">Grand</subfield><subfield code="d">Granby.</subfield></datafield></record>